@article{Hastings2015,
    author = {Hastings, Janna and Jeliazkova, Nina and Owen, Gareth and Tsiliki, Georgia and Munteanu, Cristian R. and Steinbeck, Christoph and Willighagen, Egon},
    day = {21},
    nodoi = {10.1186/s13326-015-0005-5},
    issn = {2041-1480},
    journal = {Journal of Biomedical Semantics},
    keywords = {enanomapper, ontology, owl},
    month = mar,
    number = {1},
    pages = {10+},
    pmid = {25815161},
    posted-at = {2015-03-20 08:59:48},
    priority = {2},
    publisher = {BioMed Central Ltd},
    title = {{eNanoMapper}: harnessing ontologies to enable data integration for nanomaterial risk assessment},
    volume = {6},
    year = {2015}
}

@article{Jeliazkova2015,
    author = {Jeliazkova, Nina and Chomenidis, Charalampos and Doganis, Philip and Fadeel, Bengt and Grafstr\"{o}m, Roland and Hardy, Barry and Hastings, Janna and Hegi, Markus and Jeliazkov, Vedrin and Kochev, Nikolay and Kohonen, Pekka and Munteanu, Cristian R. and Sarimveis, Haralambos and Smeets, Bart and Sopasakis, Pantelis and Tsiliki, Georgia and Vorgrimmler, David and Willighagen, Egon},
    day = {27},
    nodoi = {10.3762/bjnano.6.165},
    issn = {2190-4286},
    journal = {Beilstein Journal of Nanotechnology},
    keywords = {api, cluster, database, enanomapper, nanoqsar, nanosafety, qsar, rest, safe-by-design},
    month = jul,
    pages = {1609--1634},
    posted-at = {2015-09-20 10:14:10},
    priority = {2},
    title = {The {eNanoMapper} database for nanomaterial safety information},
    nourl = {http://dx.doi.org/10.3762/bjnano.6.165},
    volume = {6},
    year = {2015}
}

@article{Willighagen2013,
    author = {Willighagen, Egon L. and Waagmeester, Andra and Spjuth, Ola and Ansell, Peter and Williams, Antony J. and Tkachenko, Valery and Hastings, Janna and Chen, Bin and Wild, David J.},
    day = {08},
    nodoi = {10.1186/1758-2946-5-23},
    issn = {1758-2946},
    journal = {Journal of Cheminformatics},
    keywords = {chembl, pharmacology, rdf, semantic\_web},
    month = may,
    number = {1},
    pages = {23+},
    pmid = {23657106},
    posted-at = {2013-05-09 11:05:56},
    priority = {5},
    publisher = {Chemistry Central Ltd},
    title = {The {ChEMBL} database as linked open data},
    nourl = {http://dx.doi.org/10.1186/1758-2946-5-23},
    volume = {5},
    year = {2013}
}

@article{Fu2015,
    author = {Fu, Gang and Batchelor, Colin and Dumontier, Michel and Hastings, Janna and Willighagen, Egon and Bolton, Evan},
    day = {14},
    nodoi = {10.1186/s13321-015-0084-4},
    issn = {1758-2946},
    journal = {Journal of Cheminformatics},
    keywords = {pubchem, rdf, semantic\_web},
    month = jul,
    number = {1},
    pages = {34+},
    pmid = {26175801},
    posted-at = {2015-07-14 16:51:38},
    priority = {2},
    publisher = {Chemistry Central Ltd},
    title = {{PubChemRDF}: towards the semantic annotation of {PubChem} compound and substance databases},
    nourl = {http://dx.doi.org/10.1186/s13321-015-0084-4},
    volume = {7},
    year = {2015}
}